<?xml version="1.0" encoding="UTF-8"?><collection xmlns="http://www.loc.gov/MARC21/slim"><record><leader>00586nam--2200193-i-4500</leader><controlfield tag="001">000036922</controlfield><controlfield tag="002">20161230</controlfield><controlfield tag="005">20161230201041</controlfield><controlfield tag="008">060222s1000------------r-----000-0-rum-d</controlfield><datafield ind1=" " ind2=" " tag="040"><subfield code="a">IFIN-HH</subfield></datafield><datafield ind1=" " ind2=" " tag="041"><subfield code="a">rum</subfield></datafield><datafield ind1=" " ind2=" " tag="080"><subfield code="a">538:539.171.4</subfield></datafield><datafield ind1="1" ind2=" " tag="100"><subfield code="a">Popovici,Mihai</subfield></datafield><datafield ind1="1" ind2="0" tag="245"><subfield code="a">Studii de imprastiere critica a neutronilor in fier si cobalt</subfield><subfield code="b">Teza</subfield><subfield code="c">Mihai popovici</subfield></datafield><datafield ind1=" " ind2=" " tag="260"><subfield code="a">Bucuresti</subfield><subfield code="b">Universitatea Bucuresti, Facultatea De Fizica</subfield><subfield code="c">1971</subfield></datafield><datafield ind1=" " ind2=" " tag="300"><subfield code="a">148P</subfield></datafield><datafield ind1=" " ind2=" " tag="502"><subfield code="a">Conducator Stiintific: Prof.Dr.Doc. Dorel Bally</subfield></datafield><datafield ind1=" " ind2=" " tag="852"><subfield code="a">36153</subfield><subfield code="c">539.17</subfield></datafield><datafield ind1=" " ind2=" " tag="CAT"><subfield code="a">Sys</subfield><subfield code="c">20120607</subfield><subfield code="h">161715</subfield></datafield></record></collection>